@ARTICLE{Stefanov2009,
	AUTHOR = {Stefanov, Plamen, and Alexandru Tamasan},
	TITLE = {Uniqueness and non-uniqueness in inverse radiative transfer},
	YEAR = {2009},
	JOURNAL = {Proceedings of the American Mathematical Society},
	VOLUME = {137},
	PAGES = {2335-2344} }
%
@ARTICLE{gree00,
	AUTHOR = {R. J. Green and U. P. Fred and W. P. Norbert},
	TITLE = {Uniqueness and stability in multi-dimensional inverse problems},
	YEAR = {1900},
	JOURNAL = {Psych. Today},
	VOLUME = {46},
	PAGES = {345-678}}
%
@ARTICLE{phil99,
	AUTHOR = {T. P. Phillips},
	TITLE = {Possible Influence of the Magnetosphere on {American} History},
	YEAR = {1999},
	JOURNAL = {J. Oddball Res.},
	VOLUME = {98},
	PAGES = {1000-1003}}
%
@ARTICLE{jame76,
	AUTHOR = {Kelly James and Harris, Jr., George and Wilby Wollops},
	TITLE = {{American} Independence and Magnetism},
	YEAR = {1776},
	JOURNAL = {Revol. Tracts},
	VOLUME = {32},
	PAGES = {34-55}}