% % % % % % % % %  BOOKS  % % % % % % % % %

@BOOK{Bellman1975,
	AUTHOR =    {Bellman, Richard, and George Milton Wing},
	TITLE =     {An introduction to invariant imbedding},
	YEAR =      {1975},
	PUBLISHER = {Wiley},
	ADDRESS =   {New York}}
	%%
@BOOK{Brauer1989,
	AUTHOR =    {Brauer, Fred and John A. Nohel},
	TITLE =     {The Qualitative Theory of Ordinary Differential Equations: An Introduction},
	YEAR =      {1989},
	PUBLISHER = {Courier Dover Publications},
	ADDRESS =   {}}
	%%
@BOOK{Busbridge1960,
	AUTHOR =    {Busbridge, Ida Winifred},
	TITLE =     {The mathematics of radiative transfer},
	YEAR =      {1960},
	PUBLISHER = {Cambridge University Press},
	ADDRESS =   {Cambridge}}
	%% 
@BOOK{chandra1960,
	AUTHOR =    {Chandrasekhar, Subrahmanyan},
	TITLE =     {Radiative Transfer},
	YEAR =      {1960},
	PUBLISHER = {Courier Dover Publications},
	ADDRESS =   {}}
	%%
@BOOK{Evans1955,
	AUTHOR =    {Evans, Robley Dunglison},
	TITLE =     {The Atomic Nucleus},
	YEAR =      {1955},
	PUBLISHER = {McGraw-Hill},
	ADDRESS =   {New York}}
	%%
@BOOK{Guenther1996,
	AUTHOR =    {Guenther, Ronald B., and John W. Lee},
	TITLE =     {Partial differential equations of mathematical physics and integral equations},
	YEAR =      {1996},
	PUBLISHER = {Dover},
	ADDRESS =   {}}
	%%
@BOOK{Hansen1998,
	AUTHOR =    {Hansen, Per Christian},
	TITLE =     {Rank-Deficient and Discrete Ill-Posed Problems: Numerical Aspects of Linear Inversion},
	YEAR =      {1998},
	PUBLISHER = {SIAM},
	ADDRESS =   {}}
	%%
@BOOK{Hopf1934,
	AUTHOR =    {Hopf, Eberhard},
	TITLE =     {Mathematical problems of radiative equilibrium},
	YEAR =      {1934},
	PUBLISHER = {Cambridge University Press},
	ADDRESS =   {Cambridge}}
	%%
@BOOK{John1982,
	AUTHOR =    {John, Fritz},
	TITLE =     {Partial Differential Equations},
	YEAR =      {1982},
	PUBLISHER = {Springer-Verlag},
	ADDRESS =   {New York}}
	%%
@BOOK{Modest2013,
	AUTHOR =    {Modest, Michael F.},
	TITLE =     {Radiative Heat Transfer, 3e},
	YEAR =      {2013},
	PUBLISHER = {McGraw-Hill},
	ADDRESS =   {New York}}
	%%
@BOOK{Meyer2000,
	AUTHOR =    {Meyer, Carl D.},
	TITLE =     {Matrix analysis and applied linear algebra book and solutions manual},
	YEAR =      {2000},
	PUBLISHER = {SIAM},
	ADDRESS =   {}}
	%%
@BOOK{Pauli2000,
	AUTHOR =    {Pauli, Wolfgang},
	TITLE =     {Thermodynamics and the kinetic theory of gases},
	YEAR =      {2000},
	PUBLISHER = {Courier Dover Publications},
	ADDRESS =   {}}
	%%
@BOOK{Peraiah2002,
	AUTHOR =    {Peraiah, Annamaneni},
	TITLE =     {An Introduction to Radiative Transfer: Methods and Applications in Astrophysics},
	YEAR =      {2002},
	PUBLISHER = {Cambridge University Press},
	ADDRESS =   {}}
	%%
@BOOK{Pinchover2005,
	AUTHOR =    {Pinchover, Yehuda, and Jacob Rubinstein},
	TITLE =     {An introduction to partial differential equations},
	YEAR =      {2005},
	PUBLISHER = {Cambridge University Press},
	VOLUME =    {10}
	ADDRESS =   {}}
	%%
@BOOK{Rynne2000,
	AUTHOR =    {Rynne, Bryan P., and Martin A. Youngson},
	TITLE =     {Linear functional analysis},
	YEAR =      {2000},
	PUBLISHER = {Springer},
	ADDRESS =   {}}
	%%
@BOOK{Sobolev1963,
	AUTHOR =    {Sobolev, Viktor Viktorovich},
	TITLE =     {A treatise on radiative transfer},
	YEAR =      {1963},
	PUBLISHER = {Van Nostrand},
	ADDRESS =   {Princeton, NJ}}
	%%
@BOOK{Stakgold2011,
	AUTHOR =    {Stakgold, Ivar, and Michael J. Holst},
	TITLE =     {Green's functions and boundary value problems, 3e},
	YEAR =      {2011},
	VOLUME =    {99}
	PUBLISHER = {Wiley},
	ADDRESS =   {}}
	%%

% % % % % % % % %  PROCEEDINGS  % % % % % % % % %

@INPROCEEDINGS{Muntz:1914,
	AUTHOR             = {M\"untz, Ch H.},
	ADDRESS            = {},
	BOOKTITLE          = {\"Uber den Approximationssatz von Weierstrass},
	KEY                = {303--312},
	MONTH              = {},
	%ORGANIZATION      = SPIE,
	PAGES              = {34--45},
	SERIES             = {},
	TITLE              = {Mathematische Abhandlungen Hermann Amandus Schwarz zu seinem f\"unfzigj\"ahrigen Doktojubil\"aum}
	VOLUME             = {1101},
	YEAR               = {1914},
	CRINDEX            = {am 6}}

% % % % % % % % %  ARTICLES  % % % % % % % % %

@ARTICLE{Siegel:1972,
	AUTHOR = {Siegel, Alan R.},
	TITLE = {On the {M}\"untz-{S}z\'az theorem for ${C}[0,1]$},
	YEAR = {2009},
	JOURNAL = {Proceedings of the American Mathematical Society},
	VOLUME = {36},
	NUMBER = {1},
	PAGES = {161-166} }
	%%
@ARTICLE{Stefanov2009,
	AUTHOR = {Stefanov, Plamen, and Alexandru Tamasan},
	TITLE = {Uniqueness and non-uniqueness in inverse radiative transfer},
	YEAR = {2009},
	JOURNAL = {Proceedings of the American Mathematical Society},
	VOLUME = {137},
	NUMBER = {7},
	PAGES = {2335-2344} }
	%%
@ARTICLE{Szaz1916,
	AUTHOR = {Sz\'az, Otto},
	TITLE = {\"Uber die Approximation stetiger Funktionen durch lineare Aggregate von Potenzen},
	YEAR = {1916},
	JOURNAL = {Mathematische Annalen},
	VOLUME = {77},
	NO = {4},
	PAGES = {482-496} }
	%%
@ARTICLE{Trent1981,
	AUTHOR = {Trent, Tavan T.},
	TITLE = {A {M}\"untz-{S}z\'az theorem for ${C}(\overline{D})$},
	YEAR = {1981},
	JOURNAL = {Proceedings of the American Mathematical Society},
	VOLUME = {83},
	NO = {7},
	PAGES = {296-298} }
	%%
	
Müntz, Ch H. "Über den Approximationssatz von Weierstrass." Mathematische Abhandlungen Hermann Amandus Schwarz zu seinem fünfzigjährigen Doktojubiläum am 6 (1914): 303-312.